@book{optionpricing,
	title={期权定价的数学模型和方法[M]},
	author={姜礼尚},
	publisher={北京：高等教育出版社},
	year={2004}
}

@article{kexuebao,
	title={期权定价方法综述},
	author={刘海龙，吴冲峰},
	journal={管理科学学报[J]},
	year={2002},
	volume={4},
	number={6},
	pages={21--26}
}

@INPROCEEDINGS{On-Manifold-Regularization,
    Author         = {M. Belkin and P. Niyogi and V. Sindwani},
    Booktitle      = {Tenth International Workshop on Artificial Intelligence and Statistics},
    Title          = {On Manifold Regularization},
    Year           = {2005}
}